{"type":"snapshot","product_id":"BTC-USD","asks":[["9228.67","3009.56101006"],["9228.68","4771.00000000"],["9228.69","6020.00000000"],["9228.70","6989.00000000"],["9228.71","7781.00000000"],["9228.72","8450.00000000"],["9228.73","9030.00000000"],["9228.74","9542.00000000"],["9239.26","0.02000000"],["9254.05","17.18000000"],["9320.96","0.01075857"],["9439.96","0.01089571"],["9464.69","0.00800000"],["9469.54","0.01422978"],["9477.54","0.00100000"],["9482.85","0.00100000"],["9488.99","0.00100000"],["9489.00","0.01200000"],["9769.65","0.00100000"],["9769.66","1.00000000"],["9800.00","0.01000000"],["9900.00","0.00100000"],["9999.99","0.00100000"],["10000.00","1.35760000"],["10248.63","0.08825570"],["11999.99","0.06000000"],["44203.21","0.00800000"],["44203.22","0.50000000"],["58000.00","0.41000000"],["999999.99","0.00100000"],["1000000.00","100000.00000000"],["8000070.30","0.02570000"],["9999999.02","0.00100000"],["10000000.00","1.00000000"],["11099891.00","0.05000000"]],"bids":[["9228.65","3009.99900000"],["9228.64","4771.00000000"],["9228.63","6020.00000000"],["9228.62","6989.00000000"],["9228.61","7781.00000000"],["9228.60","8450.00000000"],["9228.59","9030.00000000"],["9228.58","9542.00000000"],["9221.33","0.02000000"],["9175.04","0.08000000"],["9144.17","0.17400000"],["9143.83","0.40700000"],["9136.38","0.01075857"],["9100.01","0.00100000"],["9100.00","0.36500000"],["9052.84","0.41100000"],["9018.51","0.00100000"],["9000.01","0.00100000"],["9000.00","3.21820000"],["8999.75","0.00100000"],["8999.50","0.00100000"],["8999.25","0.00100000"],["8999.00","0.00100000"],["8923.20","0.03963759"],["8873.50","0.41900000"],["8385.26","0.00100000"],["8385.25","0.10786798"],["8000.00","0.16000000"],["5031.02","0.00100000"],["5031.01","0.01000000"],["5031.00","25.80000000"],["4500.01","0.00100000"],["4500.00","0.99700000"],["3840.00","0.01000000"],["3660.01","0.00100000"],["3660.00","203279.99300000"],["3500.01","0.00100000"],["3500.00","25000.00000000"],["3000.00","0.21583329"],["2962.54","0.00100000"],["2962.53","0.01100000"],["2000.01","0.00100000"],["2000.00","220000.48000000"],["1900.00","1.00000000"],["1090.00","12.00000000"],["1000.00","32.98800000"],["900.01","0.00100000"],["900.00","0.00100000"],["500.00","100.00300000"],["280.00","1.00000000"],["200.00","0.68000000"],["104.50","1.85300000"],["100.00","114.98500000"],["75.00","6.00000000"],["55.55","5.20000000"],["30.00","1934.99132469"],["20.00","10.00000000"],["15.00","5.00000000"],["10.00","107065.84702300"],["7.13","0.00100000"],["4.00","2.00000000"],["2.00","18.91000000"],["1.12","1.00000000"],["1.11","0.02600000"],["1.00","1001054.20300000"],["0.83","1.00000000"],["0.20","0.00400000"],["0.19","1.00000000"],["0.16","12.00000000"],["0.10","0.54330000"],["0.01","10390.79441258"]]}
{"type":"l2update","product_id":"BTC-USD","changes":[["buy","9228.65","3009.99800000"]],"time":"2020-07-10T23:19:41.642424Z"}
{"type":"l2update","product_id":"BTC-USD","changes":[["buy","100.00","114.99500000"]],"time":"2020-07-10T23:19:44.009537Z"}
{"type":"l2update","product_id":"BTC-USD","changes":[["buy","100.00","114.98500000"]],"time":"2020-07-10T23:19:44.016002Z"}
{"type":"l2update","product_id":"BTC-USD","changes":[["buy","100.00","114.99500000"]],"time":"2020-07-10T23:19:59.051884Z"}
{"type":"l2update","product_id":"BTC-USD","changes":[["buy","100.00","114.98500000"]],"time":"2020-07-10T23:19:59.058231Z"}
{"type":"l2update","product_id":"BTC-USD","changes":[["sell","9228.67","3009.56001006"]],"time":"2020-07-10T23:20:11.645492Z"}
{"type":"l2update","product_id":"BTC-USD","changes":[["buy","100.00","114.99500000"]],"time":"2020-07-10T23:20:14.070116Z"}
{"type":"l2update","product_id":"BTC-USD","changes":[["buy","100.00","114.98500000"]],"time":"2020-07-10T23:20:14.079245Z"}
{"type":"l2update","product_id":"BTC-USD","changes":[["buy","100.00","114.99500000"]],"time":"2020-07-10T23:20:29.018645Z"}
{"type":"l2update","product_id":"BTC-USD","changes":[["buy","100.00","114.98500000"]],"time":"2020-07-10T23:20:29.024603Z"}
{"type":"l2update","product_id":"BTC-USD","changes":[["buy","9228.65","3009.99700000"]],"time":"2020-07-10T23:20:40.653450Z"}
{"type":"l2update","product_id":"BTC-USD","changes":[["buy","100.00","114.99500000"]],"time":"2020-07-10T23:20:44.034102Z"}
{"type":"l2update","product_id":"BTC-USD","changes":[["buy","100.00","114.98500000"]],"time":"2020-07-10T23:20:44.040782Z"}
{"type":"l2update","product_id":"BTC-USD","changes":[["buy","9175.04","0.00000000"]],"time":"2020-07-10T23:20:44.614914Z"}
{"type":"l2update","product_id":"BTC-USD","changes":[["buy","9144.17","0.00000000"]],"time":"2020-07-10T23:20:44.619223Z"}
{"type":"l2update","product_id":"BTC-USD","changes":[["buy","9143.83","0.00000000"]],"time":"2020-07-10T23:20:44.623486Z"}
{"type":"l2update","product_id":"BTC-USD","changes":[["buy","9052.84","0.00000000"]],"time":"2020-07-10T23:20:44.627570Z"}
{"type":"l2update","product_id":"BTC-USD","changes":[["buy","8873.50","0.00000000"]],"time":"2020-07-10T23:20:44.631370Z"}
{"type":"l2update","product_id":"BTC-USD","changes":[["buy","9192.58","0.40500000"]],"time":"2020-07-10T23:20:45.726558Z"}
{"type":"l2update","product_id":"BTC-USD","changes":[["buy","9101.11","0.40900000"]],"time":"2020-07-10T23:20:45.738260Z"}
{"type":"l2update","product_id":"BTC-USD","changes":[["buy","8920.81","0.41700000"]],"time":"2020-07-10T23:20:45.750044Z"}
{"type":"l2update","product_id":"BTC-USD","changes":[["buy","9209.51","0.08000000"]],"time":"2020-07-10T23:20:45.761159Z"}
{"type":"l2update","product_id":"BTC-USD","changes":[["buy","9178.52","0.17400000"]],"time":"2020-07-10T23:20:45.771872Z"}
{"type":"l2update","product_id":"BTC-USD","changes":[["buy","100.00","114.99500000"]],"time":"2020-07-10T23:20:59.016826Z"}
{"type":"l2update","product_id":"BTC-USD","changes":[["buy","100.00","114.98500000"]],"time":"2020-07-10T23:20:59.023992Z"}
{"type":"l2update","product_id":"BTC-USD","changes":[["buy","6738.00","2.30000000"]],"time":"2020-07-10T23:21:00.292387Z"}
{"type":"l2update","product_id":"BTC-USD","changes":[["buy","5539.00","1.00000000"]],"time":"2020-07-10T23:21:04.974947Z"}
{"type":"l2update","product_id":"BTC-USD","changes":[["buy","9100.00","1.36500000"]],"time":"2020-07-10T23:21:10.922401Z"}
{"type":"l2update","product_id":"BTC-USD","changes":[["sell","9228.67","3009.55901006"]],"time":"2020-07-10T23:21:11.245100Z"}
{"type":"l2update","product_id":"BTC-USD","changes":[["buy","100.00","114.99500000"]],"time":"2020-07-10T23:21:14.024804Z"}
{"type":"l2update","product_id":"BTC-USD","changes":[["buy","100.00","114.98500000"]],"time":"2020-07-10T23:21:14.031623Z"}
{"type":"l2update","product_id":"BTC-USD","changes":[["buy","9100.00","0.36500000"]],"time":"2020-07-10T23:21:17.698545Z"}
{"type":"l2update","product_id":"BTC-USD","changes":[["buy","100.00","114.99500000"]],"time":"2020-07-10T23:21:29.009979Z"}
{"type":"l2update","product_id":"BTC-USD","changes":[["buy","100.00","114.98500000"]],"time":"2020-07-10T23:21:29.016993Z"}
{"type":"l2update","product_id":"BTC-USD","changes":[["buy","9228.65","3009.99600000"]],"time":"2020-07-10T23:21:41.447275Z"}
{"type":"l2update","product_id":"BTC-USD","changes":[["buy","100.00","114.99500000"]],"time":"2020-07-10T23:21:44.030145Z"}
{"type":"l2update","product_id":"BTC-USD","changes":[["buy","100.00","114.98500000"]],"time":"2020-07-10T23:21:44.036845Z"}
{"type":"l2update","product_id":"BTC-USD","changes":[["buy","100.00","114.99500000"]],"time":"2020-07-10T23:21:59.046639Z"}
{"type":"l2update","product_id":"BTC-USD","changes":[["buy","100.00","114.98500000"]],"time":"2020-07-10T23:21:59.053735Z"}
{"type":"l2update","product_id":"BTC-USD","changes":[["sell","9228.67","3009.55801006"]],"time":"2020-07-10T23:22:11.247500Z"}
{"type":"l2update","product_id":"BTC-USD","changes":[["buy","100.00","114.99500000"]],"time":"2020-07-10T23:22:14.007162Z"}
{"type":"l2update","product_id":"BTC-USD","changes":[["buy","100.00","114.98500000"]],"time":"2020-07-10T23:22:14.013846Z"}
{"type":"l2update","product_id":"BTC-USD","changes":[["buy","100.00","114.99500000"]],"time":"2020-07-10T23:22:29.027738Z"}
{"type":"l2update","product_id":"BTC-USD","changes":[["buy","100.00","114.98500000"]],"time":"2020-07-10T23:22:29.034792Z"}
{"type":"l2update","product_id":"BTC-USD","changes":[["buy","5539.00","0.00000000"]],"time":"2020-07-10T23:22:31.977327Z"}
